[gd_scene load_steps=3 format=3 uid="uid://bfro1ilqstnce"]

[ext_resource type="Script" path="res://Scripts/Concepts (Scripts)/Upgrade.gd" id="1_4eyp3"]

[sub_resource type="LabelSettings" id="LabelSettings_rnj6m"]
font_size = 80

[node name="Upgrade" type="HBoxContainer" node_paths=PackedStringArray("label", "setDefaultButton", "addResearcherButton", "removeResearcherButton")]
anchors_preset = 15
anchor_right = 1.0
anchor_bottom = 1.0
offset_right = 4608.0
offset_bottom = -8.0
grow_horizontal = 2
grow_vertical = 2
size_flags_horizontal = 3
size_flags_vertical = 3
script = ExtResource("1_4eyp3")
researchDuration = 3
multiplyResearchDurationOnResearched = 1.0
label = NodePath("Set Default Button/Label")
setDefaultButton = NodePath("Set Default Button")
addResearcherButton = NodePath("Add Researcher Button")
removeResearcherButton = NodePath("Remove Researcher Button")

[node name="Add Researcher Button" type="Button" parent="."]
layout_mode = 2
size_flags_horizontal = 3
size_flags_stretch_ratio = 0.2
disabled = true

[node name="Label" type="Label" parent="Add Researcher Button"]
layout_mode = 1
anchors_preset = 15
anchor_right = 1.0
anchor_bottom = 1.0
grow_horizontal = 2
grow_vertical = 2
size_flags_horizontal = 3
size_flags_vertical = 1
text = "+"
label_settings = SubResource("LabelSettings_rnj6m")
horizontal_alignment = 1
vertical_alignment = 1

[node name="Set Default Button" type="Button" parent="."]
layout_mode = 2
size_flags_horizontal = 3

[node name="Label" type="Label" parent="Set Default Button"]
layout_mode = 1
anchors_preset = 15
anchor_right = 1.0
anchor_bottom = 1.0
grow_horizontal = 2
grow_vertical = 2
size_flags_horizontal = 3
size_flags_vertical = 1
text = "Upgrade"
label_settings = SubResource("LabelSettings_rnj6m")
horizontal_alignment = 1
vertical_alignment = 1

[node name="Remove Researcher Button" type="Button" parent="."]
layout_mode = 2
size_flags_horizontal = 3
size_flags_stretch_ratio = 0.2
disabled = true

[node name="Label" type="Label" parent="Remove Researcher Button"]
layout_mode = 1
anchors_preset = 15
anchor_right = 1.0
anchor_bottom = 1.0
grow_horizontal = 2
grow_vertical = 2
size_flags_horizontal = 3
size_flags_vertical = 1
text = "-"
label_settings = SubResource("LabelSettings_rnj6m")
horizontal_alignment = 1
vertical_alignment = 1

[connection signal="pressed" from="Add Researcher Button" to="." method="AddResearcher"]
[connection signal="pressed" from="Set Default Button" to="." method="SetDefault"]
[connection signal="pressed" from="Remove Researcher Button" to="." method="RemoveResearcher"]
